@article{dragnn,
  author    = {Lingpeng Kong and
               Chris Alberti and
               Daniel Andor and
               Ivan Bogatyy and
               David Weiss},
  title     = {{DRAGNN:} {A} Transition-based Framework for Dynamically Connected
               Neural Networks},
  journal   = {CoRR},
  volume    = {abs/1703.04474},
  year      = {2017},
  url       = {http://arxiv.org/abs/1703.04474},
  timestamp = {Wed, 07 Jun 2017 14:41:28 +0200},
  biburl    = {http://dblp.uni-trier.de/rec/bib/journals/corr/KongAABW17},
  bibsource = {dblp computer science bibliography, http://dblp.org}
}

@article{tensorflow,
  author    = {Mart{\'{\i}}n Abadi and
               Ashish Agarwal and
               Paul Barham and
               Eugene Brevdo and
               Zhifeng Chen and
               Craig Citro and
               Gregory S. Corrado and
               Andy Davis and
               Jeffrey Dean and
               Matthieu Devin and
               Sanjay Ghemawat and
               Ian J. Goodfellow and
               Andrew Harp and
               Geoffrey Irving and
               Michael Isard and
               Yangqing Jia and
               Rafal J{\'{o}}zefowicz and
               Lukasz Kaiser and
               Manjunath Kudlur and
               Josh Levenberg and
               Dan Man{\'{e}} and
               Rajat Monga and
               Sherry Moore and
               Derek Gordon Murray and
               Chris Olah and
               Mike Schuster and
               Jonathon Shlens and
               Benoit Steiner and
               Ilya Sutskever and
               Kunal Talwar and
               Paul A. Tucker and
               Vincent Vanhoucke and
               Vijay Vasudevan and
               Fernanda B. Vi{\'{e}}gas and
               Oriol Vinyals and
               Pete Warden and
               Martin Wattenberg and
               Martin Wicke and
               Yuan Yu and
               Xiaoqiang Zheng},
  title     = {TensorFlow: Large-Scale Machine Learning on Heterogeneous Distributed
               Systems},
  journal   = {CoRR},
  volume    = {abs/1603.04467},
  year      = {2016},
  url       = {http://arxiv.org/abs/1603.04467},
  timestamp = {Wed, 07 Jun 2017 14:40:20 +0200},
  biburl    = {http://dblp.uni-trier.de/rec/bib/journals/corr/AbadiABBCCCDDDG16},
  bibsource = {dblp computer science bibliography, http://dblp.org}
}

@article{fillmore1982,
  author    = {Charles J. Fillmore},
  title     = {Frame semantics},
  journal   = {Linguistics in the Morning Calm},
  year      = {1982},
  pages     = {111-138},
  organization = {Linguistics Society of Korea},
  publisher = {Hanshin Publishing Company},
  address   = {Seoul},
}

@inbook{alan2001,
  author    = {Keith Alan},
  title     = {Natural Language Semantics},
  pages     = {251},
  year      = {2001},
  publisher = {Blackwell Publishers Ltd},
  address   = {Oxford},
}

@book{carpenter2005,
  title={The logic of typed feature structures: with applications to unification grammars, logic programs and constraint resolution},
  author={Carpenter, Bob},
  volume={32},
  year={2005},
  publisher={Cambridge University Press}
}

@book{nivre2006,
  title={Inductive dependency parsing},
  author={Joakim Nivre},
  volume={34},
  year={2006},
  publisher={Springer}
}

